%% This BibTeX bibliography file was created using BibDesk.
%% http://bibdesk.sourceforge.net/

%% Created for SGL-Pro-chef at 2020-02-11 13:26:44 +0100 


%% Saved with string encoding Western (Mac OS Roman) 



@techreport{Melot2007UMONS,
	Author = {Hadrien {M\'elot}},
	Institution = {D\'epartement d'Informatique, Universit\'e de Mons},
	Month = oct,
	Title = {Elements de r\'edaction scientifique en informatique},
	Url = {TODO},
	Year = 2007,
	Bdsk-Url-1 = {TODO}}
